

@TechReport{Eiffel2016,
  author =      {Dunai, László and Armuth, Miklós and Horváth, László and Kövesdi, Balázs and Vigh, László Gergely and Visnovitz, {\relax Gy}örgy and Pap, {\relax Zs}uzsa Borbála and Rózsás, {\relax Á}rpád and Ther, Tamás and Turán, Pál},
  title =       {Eiffel-hall. {C}omprehensive technical report. in {H}ungarian},
  institution = {Department of Structural Engineering, Budapest University of Technology and Economics},
  year =        {2016},
  month =       {March},
  abstract =    {Eiffel-csarnok. {R}észletes szakértői jelentés},
  keywords =    {myPhDPapers, myPapers},
  pages =       {128}
}

@TechReport{PaksAppl2014,
  author =      {Vigh, László Gergely and Dunai, László and Völgyi, István and Rózsás, {\relax Á}rpád and Budaházy, Viktor and Kámán, {\relax Cs}aba and {\relax Cs}erpák, Tamás},
  title =       {Methodology development for the fragility assessment of the main and supporting facilities of {P}aks {N}uclear {P}ower {P}lant: {R}eport {II}. {F}ragility curves for safety critical structures and structural members. in {H}ungarian},
  institution = {Department of Structural Engineering, Budapest University of Technology and Economics},
  year =        {2014},
  abstract =    {{P}aksi {E}rőművi és szabadtéri létesítmények sérülékenységének jellemzésére kidolgozott módszertan: 2. {J}elentés. Kritikus szerkezetek és szerkezeti elemek sérülékenységi görbéi},
  keywords =    {myPhDPapers, myPapers},
  pages =       {125}
}

@TechReport{PaksMethod2014,
  author =      {Dunai, László and Rózsás, {\relax Á}rpád and Vigh, László Gergely},
  title =       {Methodology development for the fragility assessment of the main and supporting facilities of {P}aks {N}uclear {P}ower {P}lant: {R}eport {I}. {M}ethodological analysis, critical appraisal and improvement of methodology. in {H}ungarian},
  institution = {Department of Structural Engineering, Budapest University of Technology and Economics},
  year =        {2014},
  abstract =    {{P}aksi {E}rőművi és szabadtéri létesítmények sérülékenységének jellemzésére kidolgozott módszertan: 1. {J}elentés. Módszertani elemzés, kritikai felülvizsgálat és a módszertan pontosítása},
  keywords =    {myPhDPapers, myPapers},
  pages =       {128}
}

@MastersThesis{Rozsas2010,
  author =    {Rózsás, {\relax Á}rpád},
  title =     {Design of a steel-concrete composite railway bridge according to Eurocodes},
  school =    {Budapest University of Technology and Economics, Department of Structural Engineering},
  year =      {2010},
  type =      {Book},
  keywords =  {myPapers},
  owner =     {Arpi},
  publisher = {B.Sc. Thesis. In Hungarian},
  timestamp = {2015.10.24}
}

@Article{RozsasAMM2016,
  author =    {Rózsás, {\relax Á}rpád and Sýkora, Miroslav and Vigh, László Gergely},
  title =     {Long-Term Trends in Annual Ground Snow Maxima for the {C}arpathian {R}egion},
  journal =   {Applied Mechanics and Materials},
  year =      {2016},
  volume =    {821},
  pages =     {753-760},
  doi =       {10.4028/www.scientific.net/AMM.821.753},
  keywords =  {myPhDPapers, myPapers},
  owner =     {Arpi},
  timestamp = {2016.01.23}
}

@InProceedings{RozsasBridge2014,
  author =    {Rózsás, {\relax Á}rpád and Kovács, N. and Badari, Bettina},
  title =     {On the reliability of steel-concrete composite bridges - Investigation of post-elastic ultimate limit states},
  booktitle = {7th European Conference on Steel and Composite Structures, Eurosteel 2014},
  year =      {2014},
  editor =    {Landorfo, Raffaele and Mazzolani, Frederico},
  address =   {Naples, Italy},
  month =     {September 10-12, 2014},
  keywords =  {myPapers},
  owner =     {Arpi},
  timestamp = {2016.02.03}
}

@InProceedings{RozsasCCC2013,
  author =    {Rózsás, {\relax Á}rpád and Kovács, Nauzika},
  title =     {Probabilistic Assessment of the Effect of Climate Change on the Carbonation of Concrete Structures in the Carphatian Basin},
  booktitle = {Creative Construction Conference},
  year =      {2013},
  editor =    {Hajdú, M. and Skibniewski, M.},
  pages =     {672-683},
  address =   {Budapest, Hungary},
  month =     {6-9, July},
  isbn =      {978-963-269-365-1},
  keywords =  {myPapers},
  owner =     {Arpi},
  timestamp = {2015.10.24},
  type =      {Conference Proceedings}
}

@InProceedings{RozsasCJRC2012,
  author =    {Rózsás, {\relax Á}rpád and Kovács, Nauzika},
  title =     {Plastic reserves of simple- and two-span rolled girder composite bridges.},
  booktitle = {Conference of Junior Researchers in Civil Engineering},
  year =      {2012},
  editor =    {Németh, R.},
  pages =     {185-192},
  address =   {Budapest, Hungary},
  month =     {19-20, June},
  keywords =  {myPapers},
  owner =     {Arpi},
  timestamp = {2015.10.24},
  type =      {Conference Proceedings}
}

@InProceedings{RozsasCJRC2012,
  author =    {Rózsás, {\relax Á}rpád and Kovács, Nauzika},
  title =     {Plastic reserves of simple- and two-span rolled girder composite bridges.},
  booktitle = {Conference of Junior Researchers in Civil Engineering},
  year =      {2012},
  editor =    {Németh, R.},
  pages =     {185-192},
  address =   {Budapest, Hungary},
  month =     {19-20, June},
  keywords =  {myPapers},
  owner =     {Arpi},
  timestamp = {2015.10.24},
  type =      {Conference Proceedings}
}

@InProceedings{RozsasCJRC2013,
  author =    {Rózsás, {\relax Á}rpád and Kovács, Nauzika},
  title =     {Carbonation of Concrete Infrastructure in Hungary in the Light of Climate Change},
  booktitle = {Second Conference of Junior Researchers in Civil Engineering},
  year =      {2013},
  editor =    {Németh, Róbert},
  pages =     {155-160},
  address =   {Budapest, Hungary},
  month =     {17-18, June},
  keywords =  {myPapers},
  owner =     {Arpi},
  timestamp = {2015.10.24},
  type =      {Conference Proceedings}
}

@InProceedings{RozsasEM2015,
  author =    {Rózsás, {\relax Á}rpád and Sýkora, Miroslav and Vigh, László Gergely},
  title =     {Long-term Trends in Annual Ground Snow Maxima for the {C}arpathian {R}egion},
  booktitle = {Engineering Mechanics 2015},
  year =      {2015},
  address =   {Svratka, Czech Republic},
  keywords =  {myPhDPapers, myPapers},
  owner =     {Arpi},
  timestamp = {2015.10.24},
  type =      {Conference Proceedings}
}

@InProceedings{RozsasEpistemic2014,
  author =    {Rózsás, {\relax Á}rpád and Vigh, László Gergely},
  title =     {On the Reliability of Steel Frames Exposed to Snow Load. {C}onsidering the Effect of Epistemic Uncertainty},
  booktitle = {7th European Conference on Steel and Composite Structures, Eurosteel 2014},
  year =      {2014},
  editor =    {Landorfo, Raffaele and Mazzolani, Frederico},
  address =   {Naples, Italy},
  month =     {September 10-12, 2014},
  keywords =  {myPhDPapers, myPapers},
  owner =     {Arpi},
  timestamp = {2015.10.24},
  type =      {Conference Paper}
}

@InProceedings{RozsasESREL2015,
  author =    {Rózsás, {\relax Á}rpád and Sýkora, Miroslav},
  title =     {Model comparison and quantification of statistical uncertainties for annual maxima of ground snow loads},
  booktitle = {Safety and Reliability of Complex Engineered Systems: ESREL 2015},
  year =      {2015},
  editor =    {Podofillini, Luca and Sudret, Bruno and Stojadinovic, Bozidar and Enrico, Zio and Kröger, Wolfgang},
  pages =     {2667--2674},
  address =   {Zürich, Switzerland},
  month =     {7-10, September},
  publisher = {CRC Press},
  isbn =      {978-1-138-02879-1},
  keywords =  {myPhDPapers, myPapers},
  owner =     {Arpi},
  timestamp = {2015.10.24},
  type =      {Conference Paper}
}

@InProceedings{RozsasIABSE2015,
  author =    {Rózsás, {\relax Á}rpád and Sýkora, Miroslav},
  title =     {Effect of Statistical Uncertainties in Ground Snow Load on Structural Reliability},
  booktitle = {IABSE Conference: Structural Engineering: Providing Solutions to Global Challenges},
  year =      {2015},
  pages =     {220--227},
  address =   {Geneva, Switzerland},
  month =     {23-25, September},
  keywords =  {myPhDPapers, myPapers},
  owner =     {Arpi},
  timestamp = {2016.01.23}
}

@Article{RozsasIdojaras2016,
  author =   {Rózsás, {\relax Á}rpád and Kovács, Nauzika and Vigh, László Gergely and Sýkora, Miroslav},
  title =    {Climate change effects on structural reliability in the {C}arpathian {R}egion},
  journal =  {Időjárás},
  year =     {2016},
  volume =   {120},
  number =   {1},
  pages =    {103-125},
  month =    {March},
  keywords = {myPhDPapers, myPapers}
}

@InProceedings{RozsasMM2015,
  author =    {Rózsás, {\relax Á}rpád and Sýkora, Miroslav},
  title =     {Effect of Parameter Estimation Uncertainty on Structural Reliability},
  booktitle = {Modelling in Mechanics},
  year =      {2015},
  editor =    {Krejsa, Martin},
  pages =     {100--111},
  address =   {Ostrava, Czech Republic},
  month =     {28-29, May},
  keywords =  {myPhDPapers, myPapers},
  owner =     {Arpi},
  timestamp = {2015.10.24},
  type =      {Conference Proceedings}
}

@InProceedings{RozsasREC2016snow,
  author =    {Rózsás, {\relax Á}rpád and Sýkora, Miroslav},
  title =     {Propagating Snow Measurement Uncertainty to Structural Reliability by Statistical and Interval-Based Approaches},
  booktitle = {7th International Workshop on Reliable Engineering Computing, REC2016. Computing with Polymorphic Uncertain Data},
  year =      {2016},
  address =   {Bochum, Germany},
  month =     {15-17, June},
  keywords =  {myPhDPapers, myPapers}
}

@InProceedings{RozsasREC2016wind,
  author =    {Rózsás, {\relax Á}rpád and Sýkora, Miroslav},
  title =     {Effect of Statistical Uncertainties on Predicted Extreme Wind Speeds (accepted for publication)},
  booktitle = {7th International Workshop on Reliable Engineering Computing, REC2016. Computing with Polymorphic Uncertain Data},
  year =      {2016},
  address =   {Bochum, Germany},
  month =     {15-17, June},
  keywords =  {myPhDPapers, myPapers}
}

@InProceedings{RozsasRomania2012,
  author =    {Rózsás, {\relax Á}rpád and Kovács, Nauzika},
  title =     {Reserves of Continuous Rolled Girder Composite Bridges per Inelastic Limit States.},
  booktitle = {Proceedings of the First international conference for PhD students in Civil Engineering},
  year =      {2012},
  editor =    {Cosmin, G.C.},
  pages =     {281-288},
  address =   {Cluj-{N}apoca, Romania},
  month =     {4-7, November},
  keywords =  {myPapers},
  owner =     {Arpi},
  timestamp = {2015.10.24},
  type =      {Conference Proceedings}
}

@InProceedings{RozsasSR2016,
  author =    {Rózsás, {\relax Á}rpád and Mogyorósi, {\relax Zs}uzsa},
  title =     {The effect of copulas on time-variant reliability with continuous stochastic processes},
  booktitle = {International Conference in Modelling in Mechanics and Structural Reliability},
  year =      {2016},
  address =   {Ostrava, Czech Republic},
  month =     {26-27, May},
  keywords =  {myPhDPapers, myPapers}
}

@InBook{RozsasTO2016,
  chapter =   {Plastic analysis and design of steel-concrete composite girder bridges (In Hungarian: Öszvérszerkezetű gerendahidak képlékeny viselkedése és méretezése)},
  pages =     {83-88},
  title =     {A BME Hidak és Szerkezetek Tanszék Tudományos Közleményei: Tassi Géza és Orosz Árpád 90 éves},
  publisher = {Department of Structural Engineering, Budapest University of Technology and Economics},
  year =      {2016},
  author =    {Rózsás, {\relax Á}rpád and Kovács, Nauzika},
  editor =    {Hegedűs, István and Farkas, {Gy}örgy and Dunai, László and Kovács, Tamás},
  keywords =  {myPapers}
}

@Article{RozsasTVSB2015,
  author =    {Rózsás, {\relax Á}rpád and Sýkora, Miroslav},
  title =     {Neglect of parameter estimation uncertainty can significantly overestimate structural reliability},
  journal =   {Transactions of the VŠB – Technical University of Ostrava, Civil Engineering Series},
  year =      {2015},
  volume =    {15},
  number =    {2},
  pages =     {10},
  doi =       {10.1515/tvsb-2015-0022},
  keywords =  {myPhDPapers, myPapers},
  owner =     {Arpi},
  timestamp = {2016.01.23}
}

@InProceedings{SykoraIALCCE2016,
  author =    {Sýkora, Miroslav and Diamantidis, D. and Retief, J.V. and Viljoen, C. and Rózsás, {\relax Á}rpád},
  title =     {On Risk-Based Design of Structures Exposed to Changing Climatic Actions (under review)},
  booktitle = {Proceedings of the Fifth International Symposium on Life -Cycle Civil Engineering IALCCE2016},
  year =      {2016},
  address =   {Delft, The Netherlands},
  month =     {16-19, October},
  keywords =  {myPhDPapers, myPapers}
}

@InBook{VighTO2016,
  chapter =   {Application of reliability analysis to the study of structures subjected to extreme actions (In Hungarian: Megbízhatósági analízis alkalmazása extrém hatásoknak kitett szerkezetek vizsgálatára)},
  pages =     {119-128},
  title =     {A BME Hidak és Szerkezetek Tanszék Tudományos Közleményei: Tassi Géza és Orosz Árpád 90 éves},
  publisher = {Department of Structural Engineering, Budapest University of Technology and Economics},
  year =      {2016},
  author =    {Vigh, László Gergely and and Rózsás, {\relax Á}rpád and Zsarnóczay, {\relax Á}dám and Balogh, Tamás and Morais, Eduardo Charters and Simon, József},
  editor =    {Hegedűs, István and Farkas, {Gy}örgy and Dunai, László and Kovács, Tamás},
  keywords =  {myPapers, myPapers}
}

@Article{,
  author =   {Budaházy, Viktor and Rózsás, {\relax Á}rpád and Mayer, Róbert and Vigh, László Gergely},
  title =    {Experimental analysis of cyclic behavior of steel and composite structural elements. In Hungarian},
  journal =  {MAGÉSZ Acélszerkezetek},
  year =     {2015},
  volume =   {12},
  number =   {Special Edition},
  pages =    {21-31},
  keywords = {myPapers}
}

@Article{,
  author =   {Rózsás, {\relax Á}rpád and Kovács, Nauzika},
  title =    {Plastic reserves of a steel-concrete composite highway girder bridge. In Hungarian},
  journal =  {MAGÉSZ Acélszerkezetek},
  year =     {2012},
  volume =   {9},
  number =   {2},
  pages =    {42-48},
  keywords = {myPapers}
}